%
@article{Kumar1997Artificial,
  title={Artificial intelligence approaches to network management: recent advances and a survey},
  author={Kumar, G. Prem and Venkataram, P.},
  journal={Computer Communications},
  volume={20},
  number={15},
  pages={1313-1322},
  year={1997},
}

%
@article{ITU1992TMN,
  title={TMN management functions},
  author={ITU-T Recommendation M.3400},
  year={1992},
}
ITU-T Recommendation M.3400, "TMN management functions," 1992
%
@article{Qi2007Artificial,
  title={Artificial intelligence applications in the telecommunications industry},
  author={Qi, Jiayin and Wu, Feng and Li, Ling and Shu, Huaying},
  journal={Expert Systems},
  volume={24},
  number={4},
  pages={271–291},
  year={2007},
}

%
@article{Qadir2016Artificial,
  title={Artificial intelligence based cognitive routing for cognitive radio networks},
  author={Qadir, Junaid},
  journal={Artificial Intelligence Review},
  volume={45},
  number={1},
  pages={1-72},
  year={2016},
}
%Hanzo, Lajos
@article{Jiang2017Machine,
  title={Machine Learning Paradigms for Next-Generation Wireless Networks},
  author={Jiang, Chunxiao and Zhang, Haijun and Ren, Yong and Han, Zhu and Chen, Kwang Cheng and Hanzo, Lajos},
  journal={IEEE Wireless Communications},
  volume={24},
  number={2},
  pages={98-105},
  year={2017},
}


%Zhejiang
@article{Li2017Intelligent,
  title={Intelligent 5G: When Cellular Networks Meet Artificial Intelligence},
  author={Li, Rongpeng and Zhao, Zhifeng and Zhou, Xuan and Ding, Guoru and Chen, Yan and Wang, Zhongyao and Zhang, Honggang},
  journal={IEEE Wireless Communications},
  volume={PP},
  number={99},
  pages={2-10},
  year={2017},
}


%waterloo
@article{Ayoubi2018Machine,
  title={Machine Learning for Cognitive Network Management},
  author={Ayoubi, Sara and Limam, Noura and Salahuddin, Mohammad A. and Shahriar, Nashid and Boutaba, Raouf and Estrada-Solano, Felipe and Caicedo, Oscar M.},
  journal={IEEE Communications Magazine},
  volume={56},
  number={1},
  pages={158-165},
  year={2018},
}


@article{Boutaba2018A,
  title={A comprehensive survey on machine learning for networking: evolution, applications and research opportunities},
  author={Boutaba, Raouf and Salahuddin, Mohammad A. and Limam, Noura and Ayoubi, Sara and Shahriar, Nashid and Estrada-Solano, Felipe and Caicedo, Oscar M.},
  journal={Journal of Internet Services \& Applications},
  volume={9},
  number={1},
  pages={16},
  year={2018},
}



%Posts and Telecommunications
@article{Cao2017AIF,
  title={AIF : An Artificial Intelligence Framework for Smart Wireless Network Management},
  author={Cao, Gang and Lu, Zhaoming and Wen, Xiangming and Lei, Tao and Hu, Zhiqun},
  journal={IEEE Communications Letters},
  volume={PP},
  number={99},
  pages={1-1},
  year={2017},
}


%Zhejiang 
@article{Zhao2017SDN,
  title={SDN Based VxLAN Optimization in Cloud Computing Networks},
  author={Zhao, Zhifeng and Hong, Feng and Li, Rongpeng},
  journal={IEEE Access},
  volume={PP},
  number={99},
  pages={1-1},
  year={2017},
}

@article{Hua2017Traffic,
  title={Traffic Prediction Based on Random Connectivity in Deep Learning with Long Short-Term Memory},
  author={Hua, Yuxiu and Zhao, Zhifeng and Li, Rongpeng and Chen, Xianfu and Liu, Zhiming and Zhang, Honggang},
  year={2017},
}

@article{Zhao2018Deep,
  title={Deep Reinforcement Learning for Network Slicing},
  author={Zhao, Zhifeng and Li, Rongpeng and Sun, Qi and Chilin, I and Yang, Yangchen and Chen, Xianfu and Zhao, Minjian and Zhang, Honggang},
  year={2018},
}

@article{Xianfu2018Multi,
  title={Multi-Tenant Cross-Slice Resource Orchestration: A Deep Reinforcement Learning Approach},
  author={Xianfu,Chen and Zhifeng, Zhao and Celimuge, Wu and Mehdi, Bennis and Hang, Liu and Zhang, Honggang},
  year={2018},
}

@article{J2018AI,
  title={AI-based Two-Stage Intrusion Detection for Software Defined IoT Networks},
  author={J, Li and Z, Zhao and R, Li  and Zhang, Honggang},
  year={2018},
}

%
@article{Saleem2017Clustering,
  title={Clustering and Reinforcement-Learning-Based Routing for Cognitive Radio Networks},
  author={Saleem, Yasir and Yau, Kok Lim Alvin and Mohamad, Hafizal and Ramli, Nordin and Rehmani, Mubashir Husain and Ni, Qiang},
  journal={IEEE Wireless Communications},
  volume={24},
  number={4},
  pages={146-151},
  year={2017},
}


%traffic

@article{Williams2006A,
  title={A preliminary performance comparison of five machine learning algorithms for practical IP traffic flow classification},
  author={Williams, Nigel and Zander, Sebastian and Armitage, Grenville},
  journal={Acm Sigcomm Computer Communication Review},
  volume={36},
  number={5},
  pages={5-16},
  year={2006},
}
@article{Jin2012A,
  title={A Modular Machine Learning System for Flow-Level Traffic Classification in Large Networks},
  author={Jin, Yu and Duffield, Nick and Erman, Jeffrey and Haffner, Patrick and Sen, Subhabrata and Zhang, Zhi Li},
  journal={Acm Transactions on Knowledge Discovery from Data},
  volume={6},
  number={1},
  pages={1-34},
  year={2012},
}

@inproceedings{Huang2012On,
  title={On the cloud-based network traffic classification and applications identification service},
  author={Huang, Nen Fu and Jai, Gin Yuan and Chen, Chih Hao and Chao, Han Chieh},
  booktitle={Mobile and Wireless NETWORKING},
  pages={36-41},
  year={2012},
}

@article{Soysal2010Machine,
  title={Machine learning algorithms for accurate flow-based network traffic classification: Evaluation and comparison},
  author={Soysal, Murat and Schmidt, Ece Guran},
  journal={Performance Evaluation},
  volume={67},
  number={6},
  pages={451-467},
  year={2010},
}

%service
@article{Rovcanin2015Experimental,
  title={Experimental validation of a reinforcement learning based approach for a service-wise optimisation of heterogeneous wireless sensor networks},
  author={Rovcanin, Milos and Poorter, Eli De and Akker, Daniel Van Den and Moerman, Ingrid and Demeester, Piet and Blondia, Chris},
  journal={Wireless Networks},
  volume={21},
  number={3},
  pages={931-948},
  year={2015},
}

%Routing
@article{Hui2002Reinforcement,
  title={Reinforcement Learning for Call Admission Control and Routing under Quality of Service Constraints in Multimedia Networks},
  author={Hui, Tong and Brown, Timothy X},
  journal={Machine Learning},
  volume={49},
  number={2-3},
  pages={111-139},
  year={2002},
}

@article{Saleem2017Clustering,
  title={Clustering and Reinforcement-Learning-Based Routing for Cognitive Radio Networks},
  author={Saleem, Yasir and Yau, Kok Lim Alvin and Mohamad, Hafizal and Ramli, Nordin and Rehmani, Mubashir Husain and Ni, Qiang},
  journal={IEEE Wireless Communications},
  volume={24},
  number={4},
  pages={146-151},
  year={2017},
}

%Fault manangement
@inproceedings{Maxion1990Anomaly,
  title={Anomaly detection for diagnosis},
  author={Maxion, R. A},
  booktitle={Fault-Tolerant Computing, 1990. Ftcs-20. Digest of Papers.,  International Symposium},
  pages={20-27},
  year={1990},
}


@article{Hood1997Proactive,
  title={Proactive network-fault detection [telecommunications]},
  author={Hood, C. S. and Ji, C.},
  journal={IEEE Transactions on Reliability},
  volume={46},
  number={3},
  pages={333-341},
  year={1997},
}
@inproceedings{Ding2004Predictive,
  title={Predictive fault management in the dynamic environment of IP networks},
  author={Ding, Jianguo and Kramer, B and Xu, Shihao and Chen, Hansheng},
  booktitle={IP Operations and Management, 2004. Proceedings IEEE Workshop on},
  pages={233-239},
  year={2004},
}
@inproceedings{Kogeda2006A,
  title={A Probabilistic Approach To Faults Prediction in Cellular Networks},
  author={Kogeda, Okuthe P. and Agbinya, Johnson I. and Omlin, Christian W.},
  booktitle={International Conference on Networking, International Conference on Systems and International Conference on Mobile Communications and Learning Technologies},
  pages={130},
  year={2006},
}
@inproceedings{Snow2005Assessing,
  title={Assessing dependability of wireless networks using neural networks},
  author={Snow, A and Rastogi, P and Weckman, G},
  booktitle={Military Communications Conference, 2005. Milcom},
  pages={2809-2815 Vol. 5},
  year={2005},
}
@inproceedings{Lu2010Using,
  title={Using Hessian Locally Linear Embedding for autonomic failure prediction},
  author={Lu, Xu and Wang, Huiqiang and Zhou, Renjie and Ge, Baoyu},
  booktitle={Nature \& Biologically Inspired Computing, 2009. NaBIC 2009. World Congress on},
  pages={772-776},
  year={2010},
}
@inproceedings{pellegrini2015machine,
  title={A machine learning-based framework for building application failure prediction models},
  author={Pellegrini, Alessandro and Di Sanzo, Pierangelo and Avresky, Dimiter R},
  booktitle={2015 IEEE International Parallel and Distributed Processing Symposium Workshop (IPDPSW)},
  pages={1072--1081},
  year={2015},
  organization={IEEE}
}


@article{Song2017Failure,
  title={Failure prediction using machine learning and time series in optical network},
  author={Song, Chuang and Wang, Danshi and Li, Jin and Lou, Liqi and Liu, Min and Zhang, Min and Wang, Zhilong and Liu, Zhuo},
  journal={Optics Express},
  volume={25},
  number={16},
  pages={18553-18565},
  year={2017},
}

@inproceedings{Kumar2017Fault,
  title={Fault prediction and reliability analysis in a real cellular network},
  author={Kumar, Yash and Farooq, Hasan and Imran, Ali and Kumar, Yash and Farooq, Hasan and Imran, Ali and Kumar, Yash and Farooq, Hasan and Imran, Ali and Kumar, Yash},
  booktitle={International Wireless Communications and Mobile Computing Conference},
  pages={1090-1095},
  year={2017},
}


%%detecting fault
@inproceedings{baras1997automated,
  title={Automated network fault management},
  author={Baras, John S and Ball, M and Gupta, S and Viswanathan, P and Shah, P},
  booktitle={MILCOM 97 Proceedings},
  volume={3},
  pages={1244--1250},
  year={1997},
  organization={IEEE}
}

@article{Rao2006Operational,
  title={Operational Fault Detection in cellular wireless base-stations},
  author={Rao, Sudarshan},
  journal={IEEE Transactions on Network \& Service Management},
  volume={3},
  number={2},
  pages={1-11},
  year={2006},
}

@article{Qader2017Comparative,
  title={Comparative Analysis of Clustering Techniques in Network Traffic Faults Classification},
  author={Qader, Karwan and Mo, Adda and Alkasassbeh, Mouhammd},
  journal={International Journal of Innovative Research in Computer \& Communication Engineering},
  volume={Volume 5},
  number={Issue 4},
  pages={6551-6563},
  year={2017},
}

@article{Qader2014Fault,
  title={Fault Classification System for Computer Networks Using Fuzzy Probabilistic Neural Network Classifier (FPNNC)},
  author={Qader, Karwan and Mo, Adda},
  journal={Communications in Computer \& Information Science},
  volume={459},
  number={9},
  pages={4789-4807},
  year={2014},
}


@article{Moustapha2008Wireless,
  title={Wireless Sensor Network Modeling Using Modified Recurrent Neural Networks: Application to Fault Detection},
  author={Moustapha, Azzam I. and Selmic, Rastko R.},
  journal={IEEE Transactions on Instrumentation \& Measurement},
  volume={57},
  number={5},
  pages={981-988},
  year={2008},
}

@article{Hajji2005Statistical,
  title={Statistical analysis of network traffic for adaptive faults detection},
  author={Hajji, H},
  journal={IEEE Transactions on Neural Networks},
  volume={16},
  number={5},
  pages={1053},
  year={2005},
}

@inproceedings{Hashmi2017Enabling,
  title={Enabling proactive self-healing by data mining network failure logs},
  author={Hashmi, Umair Sajid and Darbandi, Arsalan and Imran, Ali},
  booktitle={International Conference on Computing, NETWORKING and Communications},
  pages={511-517},
  year={2017},
}







@article{Rafique2018Cognitive,
  title={Cognitive Assurance Architecture for Optical Network Fault Management},
  author={Rafique, Danish and Szyrkowiec, Thomas and Grieber, Helmut and Autenrieth, Achim and Elbers, Jöerg Peter},
  journal={Journal of Lightwave Technology},
  volume={PP},
  number={99},
  pages={1-1},
  year={2018},
}

%Security
@article{Zheng2016Cognitive,
  title={Cognitive security: securing the burgeoning landscape of mobile networks},
  author={Zheng, Yao and Moini, Assad and Lou, Wenjing and Hou, Y. Thomas and Kawamoto, Yuichi},
  journal={IEEE Network},
  volume={30},
  number={4},
  pages={66-71},
  year={2016},
}

%spectrum management
@article{Morozs2016Cognitive,
  title={Cognitive Spectrum Management in Dynamic Cellular Environments: A Case-Based Q-Learning Approach},
  author={Morozs, Nils and Clarke, Tim and Grace, David},
  journal={Engineering Applications of Artificial Intelligence},
  volume={55},
  pages={239-249},
  year={2016},
}

@article{L2017Primary,
  title={Primary user characterization for cognitive radio wireless networks using a neural system based on Deep Learning},
  author={López, Danilo and Rivas, Edwin and Gualdron, Oscar},
  journal={Artificial Intelligence Review},
  pages={1-27},
  year={2017},
}

%platform
@article{Ren2018Low,
  title={Low-Latency C-RAN: A Next-Generation Wireless Approach},
  author={Ren, Hong and Pan, Cunhua and Liu, Nan and Yu, Xiao Hu and Elkashlan, Maged and Nallanathan, Arumugam and Hanzo, Lajos},
  journal={IEEE Vehicular Technology Magazine},
  volume={PP},
  number={99},
  pages={1-1},
  year={2018},
}
%performance management
@inproceedings{Kumar2002Network,
  title={Network performance tuning using reinforcement learning},
  author={Kumar, G. Prem and Venkataram, P.},
  booktitle={Global Telecommunications Conference, 1998. GLOBECOM 1998. The Bridge to Global Integration. IEEE},
  pages={1123-1128 vol.2},
  year={2002},
}